@article{schultz1961investment,
  title={Investment in human capital},
  author={Schultz, Theodore W},
  journal={The American economic review},
  volume={51},
  number={1},
  pages={1--17},
  year={1961},
  publisher={JSTOR}
}

@article{mincer1962job,
  title={On-the-job training: Costs, returns, and some implications},
  author={Mincer, Jacob},
  journal={Journal of political Economy},
  volume={70},
  number={5, Part 2},
  pages={50--79},
  year={1962},
  publisher={The University of Chicago Press}
}

@incollection{jorgenson1983accumulation,
  title={The accumulation of human and non-human capital},
  author={Jorgenson, Dale W and Pachon, Alvaro},
  booktitle={The Determinants of National Saving and Wealth},
  pages={302--350},
  year={1983},
  publisher={Springer}
}

@article{李海峥2010中国人力资本测度与指数构建,
  title={中国人力资本测度与指数构建},
  author={李海峥 and 梁赟玲 and  Fraumeni, Barbara  and 刘智强 and 王小军},
  journal={经济研究},
  volume={045},
  number={008},
  pages={42-54},
  year={2010},
}

@article{孟望生2018人力资本统计核算方法研究述评,
  title={人力资本统计核算方法研究述评},
  author={孟望生 and 张扬},
  journal={统计与决策},
  volume={034},
  number={020},
  pages={29-35},
  year={2018},
}